<record xmlns:xsi="http://www.w3.org/2001/XMLSchema-instance" xmlns="http://www.loc.gov/MARC21/slim" xsi:schemaLocation="http://www.loc.gov/MARC21/slim http://www.loc.gov/standards/marcxml/schema/MARC21slim.xsd">

  <leader>00667nam a2200145Ia 4500</leader>
  <datafield ind1=" " tag="999" ind2=" ">
    <subfield code="c">2262</subfield>
    <subfield code="d">2262</subfield>
  </datafield>
  <controlfield tag="008">180706b2000    cr ||||| |||| 00| | spa d</controlfield>
  <datafield ind1=" " ind2=" " tag="090">
    <subfield code="a">18.08.01 </subfield>
    <subfield code="b">114</subfield>
  </datafield>
  <datafield ind2=" " tag="110" ind1=" ">
    <subfield code="a">Universidad de Costa Rica. Oficina de Planificación Universitaria</subfield>
    <subfield code="9">2813</subfield>
  </datafield>
  <datafield ind2="0" tag="245" ind1="1">
    <subfield code="a">Indicadores de la Facultad de Educación para el I y II ciclo de 1999 / </subfield>
    <subfield code="c">Universidad de Costa Rica.  Oficina de Planificación Universitaria</subfield>
  </datafield>
  <datafield tag="260" ind2=" " ind1=" ">
    <subfield code="a">San José, Costa Rica : </subfield>
    <subfield code="b">Universidad de Costa Rica.  Oficina de Planificación Universitaria, </subfield>
    <subfield code="c">2000</subfield>
  </datafield>
  <datafield ind2=" " tag="300" ind1=" ">
    <subfield code="a">9 páginas</subfield>
  </datafield>
  <datafield ind2="4" tag="610" ind1="1">
    <subfield code="a">UNIVERSIDAD DE COSTA RICA. FACULTAD DE EDUCACION</subfield>
    <subfield code="9">3218</subfield>
  </datafield>
  <datafield ind1="1" ind2="4" tag="650">
    <subfield code="a">INDICADORES EDUCATIVOS</subfield>
    <subfield code="9">1943</subfield>
  </datafield>
  <datafield ind1=" " tag="942" ind2=" ">
    <subfield code="2">z</subfield>
    <subfield code="c">01</subfield>
  </datafield>
</record>